@article{bell2007positivity,
  title={On the positivity set of a linear recurrence sequence},
  author={Bell, J. P. and Gerhold, S.},
  journal={Israel Jour. Math},
  volume={57},
  year={2007},
  publisher={Springer}
}

@book{bourbaki1966general,
	title={Elements of Mathematics: General Topology (Part 2)},
	author={Bourbaki, N.},
	year={1966},
	publisher={Addison-Wesley}
}

@incollection{mignotte1982some,
	title={Some useful bounds},
	author={Mignotte, M.},
	booktitle={ Computer algebra},
	year={1982}
}

@article{renegar1992computational,
  title={On the computational complexity and geometry of the first-order theory of the reals, part i: Introduction. preliminaries. the geometry of semi-algebraic sets. the decision problem for the existential theory of the reals},
  author={Renegar, James},
  journal={J. Symb. Comput.},
  volume={13},
  pages={255-300},
  year={1992},
  publisher={Elsevier}
}